3060 5002
184 377 226 444 μ
496 361 704 427 nonarn
737 362 1028 431 sarmarum

187 534 272 597 Rem
296 535 397 616 patris
420 535 586 612 oblimare,
610 535 734 600 malum
757 546 808 600 est
830 538 1027 620 ubicunque.
1074 537 1165 622 Quid
1191 541 1276 603 inter

187 637 249 699 Est
273 638 305 700 in
329 649 487 715 matrona,
510 639 636 716 ancilla,
660 661 817 723 peccesne
840 642 979 724 togata?

185 740 304 803 Villius
328 743 360 806 in
385 742 507 807 Fausta
531 742 644 808 Sullae
667 765 775 827 gener,
799 746 863 808 hoc
887 746 984 807 miser
1007 765 1074 808 uno

188 845 332 909 Nomine
354 848 520 930 deceptus,
544 869 667 930 poenas
689 849 782 911 dedit
805 869 909 929 usque
932 869 1096 931 superque
1303 860 1335 925 65

187 947 298 1031 Quam
322 952 402 1014 satis
424 962 483 1028 est,
506 953 624 1035 pugnis
646 973 760 1016 caesus
782 952 932 1034 ferroque
955 953 1086 1036 petitus,

189 1053 355 1117 Exclusus
378 1055 447 1119 lore
469 1076 543 1119 cum
568 1056 783 1139 Longarenus
805 1056 889 1120 soret
913 1057 1010 1120 intus.

188 1157 277 1221 Huic
299 1159 326 1221 si
350 1160 494 1222 mutonis
516 1161 623 1223 verbis
646 1162 734 1223 mala
758 1169 853 1223 tanta
874 1160 1017 1223 videntis

187 1261 321 1325 Diceret
344 1262 424 1326 haec
447 1265 596 1327 animus:
619 1264 727 1347 ‘Quid
750 1265 798 1327 vis
821 1265 904 1327 tibi?
935 1264 1096 1346 numquid
1120 1285 1184 1348 ego
1206 1285 1227 1328 a
1250 1275 1283 1328 te

189 1365 314 1446 Magno
337 1378 536 1450 prognatum
559 1370 704 1449 deposco
727 1368 862 1432 consule
885 1388 1030 1431 cunnum
1302 1392 1335 1443 70

185 1467 407 1552 Velatumque
430 1469 516 1535 stola
539 1492 612 1535 mea
635 1492 709 1535 cum
732 1472 915 1536 conferbuit
939 1468 1030 1537 ira'?

186 1571 277 1654 Quid
302 1575 539 1656 responderet?
583 1575 729 1657 ‘Magno
752 1586 845 1658 patre
869 1585 946 1638 nata
969 1573 1080 1658 puella
1101 1574 1171 1639 est!

185 1675 235 1738 At
259 1688 383 1758 quanto
407 1679 542 1742 meliora
566 1691 679 1743 monet
702 1680 950 1762 pugnantiaque
973 1680 1043 1743 istis

188 1779 290 1844 Dives
314 1783 387 1864 opis
410 1793 526 1846 natura
548 1804 635 1859 suae,
658 1793 694 1846 tu
718 1785 745 1846 si
768 1785 869 1846 modo
892 1792 981 1846 recte

187 1884 387 1967 Dispensare
409 1887 488 1948 velis
510 1907 549 1949 ac
573 1907 638 1949 non
661 1887 816 1968 fugienda
839 1887 990 1969 petendis

187 1987 385 2052 immiscere.
431 1989 507 2053 Tuo
529 1992 612 2053 vitio
635 2010 787 2052 rerumne
810 1990 940 2053 labores

188 2092 243 2154 Nil
268 2093 385 2156 referre
408 2090 525 2176 putas?
571 2094 684 2176 Quare
706 2115 746 2156 ne
769 2095 937 2175 paeniteat
960 2102 995 2157 te

189 2196 311 2259 Desine
335 2207 502 2260 matronas
524 2199 685 2274 sectarier,
710 2199 797 2261 unde
820 2197 941 2261 laboris

187 2299 264 2363 Plus
287 2300 417 2364 haurire
440 2301 516 2365 mali
534 2311 583 2365 est
607 2322 705 2383 quam
729 2322 773 2364 ex
796 2323 831 2364 re
855 2303 1031 2384 decerpere
1054 2299 1187 2366 fructus.

186 2404 259 2467 Nec
283 2406 386 2487 magis
408 2405 484 2469 huic
508 2406 592 2468 inter
614 2407 725 2469 niveos
748 2406 933 2487 viridesque
956 2404 1087 2488 lapillos
1301 2418 1334 2466 80

186 2504 252 2589 (Sit
276 2508 352 2572 licet
374 2508 445 2585 hoc,
469 2509 633 2585 Cerinthe,
656 2507 764 2594 tuum)
788 2520 937 2573 tenerum
961 2520 1012 2573 est
1034 2509 1143 2572 femur
1165 2519 1224 2573 aut
1247 2529 1321 2574 crus

187 2613 332 2688 Rectius,
355 2624 455 2694 atque
477 2614 576 2676 etiam
600 2612 715 2677 melius
738 2635 895 2696 persaepe
917 2623 1054 2694 togatae
1076 2623 1136 2676 est.

186 2717 287 2780 Adde
310 2718 373 2781 huc
396 2717 485 2799 quod
510 2738 652 2781 mercem
675 2719 745 2780 sine
767 2718 848 2782 sucis
867 2727 983 2798 gestat,
1006 2727 1120 2799 aperte

186 2820 287 2903 Quod
309 2820 425 2884 venale
447 2821 548 2884 habet
571 2822 724 2896 ostendit,
747 2842 807 2886 nec
830 2823 856 2884 si
880 2821 960 2902 quid
983 2819 1113 2884 honesti
1136 2829 1189 2884 est

187 2926 294 2988 lactat
317 2925 482 3006 habetque
506 2925 623 3008 palam,
646 2926 774 3006 quaerit
797 2946 863 3007 quo
886 2925 995 3007 turpia
1017 2923 1111 2987 celet.
1300 2936 1331 2998 85

187 3031 337 3112 Regibus
359 3029 412 3092 hic
436 3049 508 3092 mos
531 3038 603 3091 est:
635 3030 690 3091 ubi
714 3048 817 3110 equos
841 3038 1026 3093 mercantur
1049 3036 1182 3111 opertos

188 3135 381 3217 Inspiciam,
405 3154 445 3196 ne
468 3134 494 3195 si
518 3132 618 3197 facies
641 3147 678 3196 ut
700 3154 798 3215 saepe
821 3135 942 3197 decora

187 3238 283 3301 Molli
307 3237 389 3301 lulta
412 3237 497 3320 pede
519 3246 569 3300 est
592 3247 777 3319 emptorem
802 3239 935 3302 inducat
957 3236 1114 3311 hiantem,

186 3342 287 3424 Quod
311 3341 464 3425 pulchrae
486 3340 605 3416 clunes,
628 3340 725 3405 breve
749 3343 839 3423 quod
862 3351 970 3425 caput,
993 3341 1096 3404 ardua
1119 3339 1239 3404 cervix.

187 3447 264 3509 Hoc
288 3444 334 3508 illi
358 3454 464 3508 recte:
495 3465 537 3507 ne
559 3445 705 3527 corporis
727 3447 854 3528 optima
878 3445 1004 3527 Lyncei
1297 3468 1332 3518 90

186 3549 420 3630 Contemplere
442 3547 551 3624 oculis,
576 3549 735 3631 Hypsaea
758 3551 884 3614 caecior
907 3548 962 3613 illa

186 3654 282 3736 Quae
306 3654 392 3717 mala
411 3664 487 3716 sunt
510 3664 647 3735 spectes.
694 3653 725 3718 Ο
749 3651 843 3717 crus!
867 3675 887 3716 o
910 3652 1065 3716 brachial
1110 3651 1234 3714 Verum

188 3758 347 3841 DepugiS,
370 3767 496 3832 nasuta,
520 3757 608 3819 brevi
632 3757 734 3821 latere
756 3779 795 3821 ac
819 3758 903 3839 pede
925 3756 1023 3839 longo
1047 3763 1107 3819 est.

187 3861 361 3926 Matronae
384 3871 514 3943 praeter
534 3861 650 3924 faciem
673 3860 718 3923 nil
741 3881 870 3926 cernere
893 3861 1008 3943 possiS,

187 3966 315 4041 Cetera,
335 3966 367 4028 ni
391 3966 488 4030 Catia
511 3974 568 4040 est,
591 3965 733 4028 demissa
755 3974 848 4027 veste
870 3963 1021 4046 tegentis.

187 4068 223 4134 Si
248 4071 418 4133 interdicta
440 4079 540 4150 petes,
562 4068 650 4132 vallo
673 4068 877 4133 circumdata
899 4065 990 4151 (nam
1013 4077 1048 4130 te

188 4174 265 4237 Hoc
287 4174 364 4237 lacit
388 4171 560 4257 insanum),
585 4172 708 4235 multae
730 4173 789 4235 tibi
813 4181 884 4234 tum
908 4171 1051 4234 officient
1075 4190 1134 4247 ree,

186 4275 360 4353 Custodes,
384 4277 507 4354 lectica,
529 4275 705 4353 ciniflones,
729 4277 899 4358 parasitae‚

188 4379 244 4444 Ad
268 4380 354 4444 talos
376 4379 460 4443 stola
483 4381 626 4444 demissa
648 4389 682 4444 et
704 4380 906 4443 circumdata
930 4378 1025 4462 palla,

187 4484 331 4549 Plurima
353 4504 440 4568 quae
461 4485 627 4548 invideant
650 4503 731 4569 pure
753 4504 911 4568 apparere
933 4482 993 4546 tibi
1015 4500 1095 4544 rem.
1282 4504 1330 4540 roo
