3008 5010
577 381 666 446 LIB.
691 381 716 444 l·
762 378 864 446 SAT.
889 399 917 447 2.

173 552 299 636 Inguen
322 553 365 617 ad
388 553 590 617 obscoenum
613 553 785 618 subductis
808 573 911 634 usque
934 551 1080 629 facetus3

174 656 325 721 Pastillos
350 656 492 720 Rufillus
514 657 590 735 olet,
614 655 801 742 Gargonius
824 655 960 720 hircum.

174 760 229 823 Nil
253 762 398 824 medium
425 771 484 825 est.
532 759 617 825 Sunt
640 761 697 842 qui
721 760 828 824 nolint
851 760 999 843 tetigisse
1022 760 1083 824 nisi
1107 759 1178 824 illas

173 862 323 946 Quarum
347 864 485 927 subsuta
507 863 592 927 talos
614 873 706 946 tegat
729 864 843 927 instita
864 875 979 942 veste;

175 965 299 1030 Contra
320 967 403 1031 alius
424 965 549 1030 nullam
573 968 634 1031 nisi
658 968 760 1030 olenti
783 968 816 1030 in
840 967 961 1032 fornice
979 977 1132 1033 stantem.

173 1069 318 1152 Quidam
342 1081 441 1134 notus
464 1070 566 1135 homo
590 1091 663 1135 cum
687 1072 793 1134 exiret
816 1071 945 1148 lomice,
969 1071 1104 1136 ‘Macte

173 1174 305 1237 Virtute
327 1171 420 1248 est0‚’
444 1175 548 1256 inquit
572 1175 734 1238 sententia
757 1175 812 1237 dia
836 1173 983 1252 Catonis,

174 1277 284 1342 ‘Nam
308 1278 404 1341 simul
428 1298 466 1342 ac
488 1298 589 1342 venas
612 1277 739 1341 inflavit
762 1287 847 1342 tetra
871 1279 974 1344 libido

175 1382 252 1445 Huc
276 1380 573 1464 iuvenes'aequum
597 1391 646 1445 est
670 1383 877 1456 descendere,
900 1403 966 1446 non
989 1382 1112 1447 alienas

175 1485 362 1549 Permolere
384 1483 523 1548 uxores?
569 1485 704 1548 ‘Nolim
727 1481 908 1560 laudarier,'
932 1485 1047 1567 inquit,

173 1588 247 1654 ‘Sic
270 1587 341 1663 me,’
363 1588 499 1652 mirator
521 1588 619 1652 cunni
642 1587 843 1671 Cupiennius
865 1588 942 1652 albi.

173 1691 302 1756 Audire
324 1703 374 1756 est
397 1713 518 1776 operae
540 1693 692 1774 pretium,
714 1692 893 1775 procedere
917 1701 1005 1756 recte

175 1796 240 1880 Qui
264 1797 409 1860 moechis
433 1817 497 1860 non
521 1796 631 1872 vultis
655 1806 692 1860 ut
715 1796 807 1859 omni
831 1806 924 1877 parte
947 1795 1117 1872 laborent3

175 1901 289 1983 thue
312 1900 375 1964 illis
399 1899 505 1963 multo
527 1910 681 1982 corrupta
704 1899 819 1963 dolore
842 1900 1004 1983 voluptas,

174 2004 289 2089 Atque
311 2004 392 2069 haec
416 2025 487 2067 rara
509 2005 607 2068 cadat
630 2005 711 2067 dura
735 2005 821 2067 inter
843 2024 942 2085 saepe
965 2003 1095 2086 pericla.

60 2158 79 2189 ..Σ
175 2108 240 2173 Hic
263 2130 298 2172 se
321 2109 534 2192 praecipitem
557 2117 647 2172 tecto
669 2107 781 2185 dedit;
816 2107 870 2171 ille
893 2106 1031 2191 flagellis

173 2213 231 2278 Ad
256 2222 397 2277 mortem
422 2233 555 2289 caesus;
585 2212 712 2294 lugiens
735 2211 788 2276 hic
811 2213 934 2276 decidit
956 2233 1065 2277 acrem
1090 2277 1093 2283 ,

175 2318 381 2381 Praedonum
405 2316 437 2379 in
460 2316 613 2391 turbam3
643 2314 736 2377 dedit
759 2314 813 2378 hic
836 2336 895 2398 pro
918 2336 1056 2397 corpore
1079 2338 1251 2392 nummos3

175 2421 273 2485 Hunc
296 2421 543 2503 perminxerunt
566 2418 720 2495 calones3
751 2420 830 2501 quin
853 2421 954 2483 etiam
978 2420 1058 2485 illud

173 2525 317 2601 Accidit,
339 2533 375 2588 ut
398 2524 534 2606 quidam
558 2531 659 2587 testes
681 2525 887 2606 caudamque
910 2523 1053 2589 salacem
1287 2552 1319 2602 45

175 2629 368 2693 Demeteret
391 2627 486 2691 ferro.
533 2622 648 2691 ‘Iure’
671 2648 805 2703 omnes3
837 2626 945 2691 Galba
968 2631 1120 2712 negabat.

174 2733 292 2797 Tutior
314 2742 349 2796 at
372 2742 497 2814 quanto
520 2752 614 2794 merx
638 2742 687 2796 est
711 2733 743 2795 in
766 2732 870 2796 classe
892 2734 1043 2810 secunda,

175 2836 416 2900 Libertinarum
441 2836 524 2912 dico,
550 2834 725 2899 Sallustius
748 2835 781 2898 in
804 2856 887 2918 quas

175 2941 253 3006 Non
276 2941 384 3004 minus
407 2940 527 3004 insanit
549 2960 649 3022 quam
674 2940 730 3022 qui
755 2939 957 3004 moechatur.
1002 2939 1052 3004 At
1075 2939 1128 3004 hic
1151 2939 1176 3003 si

175 3044 251 3127 Qua
274 3065 333 3120 res,
355 3065 421 3126 qua
444 3044 529 3107 ratio
552 3045 712 3121 suaderet,
735 3065 867 3127 quaque
890 3044 1040 3108 modeste
1290 3071 1321 3120 5⁰

175 3147 333 3211 Munifico
356 3168 426 3211 esse
449 3148 533 3223 licet,
556 3148 656 3212 vellet
680 3149 786 3212 bonus
809 3157 910 3231 atque
933 3140 1093 3232 benignus

175 3251 266 3329 Esse,
289 3253 383 3316 daret
405 3263 565 3334 quantum
589 3253 669 3316 satis
692 3264 777 3317 esset
799 3274 859 3318 nec
881 3253 944 3316 sibi
966 3255 1090 3317 damno

175 3355 405 3438 Dedecorique
427 3356 520 3421 soret.
565 3355 690 3419 Verum
714 3356 777 3420 hoc
800 3377 835 3421 se
857 3356 1068 3438 amplectitur
1092 3378 1164 3432 uno,

175 3459 250 3525 Hoc
272 3469 362 3524 amat
386 3469 419 3523 et
443 3460 576 3523 laudat:
600 3460 811 3524 ‘Matronam
836 3459 957 3524 nullam
982 3481 1045 3542 ego
1067 3460 1190 3544 tango.¹

176 3563 225 3629 Ut
247 3565 416 3646 quondam
437 3563 615 3641 Marsaeus,
637 3575 767 3628 amator
790 3563 934 3647 Originis
956 3564 1020 3639 ille,
1290 3590 1322 3640 55

175 3665 242 3749 Qui
264 3668 407 3750 patrium
432 3669 553 3730 mimae
575 3669 677 3732 donat
700 3667 904 3750 fundumque
927 3667 1104 3750 laremque,

175 3769 253 3832 ‘Nil
275 3771 371 3834 fuerit
394 3768 457 3847 mi‚'
482 3771 595 3853 inquit,
619 3775 710 3835 ‘cum
734 3772 895 3834 uxoribus
919 3792 1062 3853 unquam
1086 3769 1219 3835 alienis’

174 3874 298 3937 Verum
322 3883 373 3938 est
395 3894 470 3937 cum
495 3874 612 3951 mimis,
635 3883 685 3939 est
708 3895 782 3938 cum
808 3874 1040 3951 meretricibus,
1064 3878 1150 3937 unde

176 3977 280 4042 Fama
304 3977 427 4041 malum
450 3979 579 4061 gravius
602 3999 703 4061 quam
727 3999 778 4042 res
802 3979 912 4042 trahit.
958 3977 1015 4040 An
1039 3978 1100 4042 tibi
1124 3978 1258 4042 abunde

177 4081 355 4144 Personam
379 4083 458 4145 satis
480 4091 539 4158 est,
562 4103 628 4145 non
652 4081 731 4146 illud
754 4082 911 4164 quicquid
936 4083 1058 4164 ubique
1288 4095 1323 4146 60

176 4183 289 4249 officit
311 4185 459 4265 evitare?
505 4185 631 4248 Bonam
657 4185 836 4267 deperdere
859 4186 991 4261 samam,

209 4371 247 4421 26.
265 4374 390 4422 facetus:
413 4371 471 4422 itis
490 4371 530 4422 his
552 4371 608 4422 idea
630 4372 659 4421 ol
678 4373 728 4422 ele·
769 4372 882 4448 lozenges
899 4379 981 4422 meant
999 4372 1153 4448 tolpert'ume
1170 4372 1212 4422 the
1228 4371 1322 4448 breatb.

174 4451 258 4501 gance.
769 4438 885 4488 Thelme
897 4439 918 4487 is
929 4439 1020 4502 quoted
1033 4454 1057 4486 m
1072 4453 1092 4486 r.
1102 4454 1124 4501 4.
1138 4453 1168 4502 9²
1182 4455 1209 4486 ns
1220 4454 1235 4486 ι
1246 4454 1323 4503 speei-

210 4514 247 4566 27.
264 4506 405 4565 pastillos,
424 4503 489 4561 dim.
517 4503 546 4554 ol
571 4501 673 4570 ‘punis'
702 4504 732 4554 of
769 4503 1209 4568 menolllorace'spcrsonalsatire.
1312 4518 1314 4523 ·
