3008 5010
576 376 665 445 LIB.
691 377 715 443 Ι.
761 375 863 446 SAT.
887 392 918 443 2.

173 547 292 613 Altera
314 546 360 613 nil
383 547 516 614 obstat:
541 548 618 615 Cois
640 549 701 615 tibi
724 571 829 635 paene
850 549 960 614 videre
982 557 1033 614 est

175 652 225 717 Ut
247 655 381 730 nudam,
403 674 445 718 ne
468 673 560 718 crure
584 653 681 732 malo,
704 675 746 718 ne
768 655 811 720 sit
833 654 919 738 pede
940 653 1051 738 turpi;

175 755 287 820 Metiri
311 757 418 839 possis
441 756 539 822 oculo
561 756 657 831 latus.
702 757 760 824 An
783 757 846 825 tibi
868 758 973 831 mavis

175 859 315 924 Insidias
338 859 406 924 fieri
429 861 638 944 pretiumque
660 860 795 926 avellier
815 870 894 927 ante
977 916 981 925 .

174 963 285 1047 Quam
309 984 450 1029 mercem
474 965 628 1029 ostendi?
658 965 845 1048 ‘Leporem
867 972 1008 1030 venator
1031 972 1068 1029 ut
1090 963 1158 1030 alta
1275 989 1321 1040 105

175 1067 214 1131 ln
237 1068 311 1132 nive
332 1077 484 1146 sectetur,
507 1069 655 1151 positum
677 1069 725 1133 sic
746 1078 882 1153 tangere
904 1066 1007 1148 nolit,'

175 1169 297 1235 Cantat
319 1181 352 1236 et
375 1173 532 1257 apponit:
557 1173 675 1237 ‘Meus
697 1184 747 1237 est
768 1193 863 1237 amor
884 1172 961 1239 huic
983 1170 1099 1238 similis
1111 1193 1120 1252 ;
1143 1192 1220 1238 nam

174 1273 371 1342 Transvolat
396 1277 430 1341 in
453 1276 562 1343 medio
584 1276 694 1361 posita
715 1287 751 1345 et
772 1276 932 1361 fugientia
954 1274 1087 1363 captat?

175 1377 312 1443 Hiscine
333 1379 502 1446 versiculis
524 1401 636 1463 speras
659 1380 720 1444 tibi
742 1401 840 1463 posse
862 1380 995 1446 dolores

173 1481 292 1565 Atque
313 1493 425 1549 aestus
447 1504 607 1568 curasque
628 1504 745 1567 graves
767 1505 786 1549 e
808 1495 943 1569 pectore
965 1483 1066 1569 pelli?
1274 1510 1323 1545 110

175 1586 297 1651 Nonne
320 1588 528 1673 cupidinibus
550 1597 677 1654 statuat
699 1598 817 1657 natura
840 1589 977 1657 modum
1000 1608 1110 1672 quem,

175 1690 266 1774 Quid
289 1690 397 1758 latura
419 1693 482 1757 sibi
504 1692 584 1775 quid
607 1693 650 1759 sit
672 1691 817 1758 dolitura
838 1703 1005 1777 negatum,

175 1794 342 1878 Quaerere
364 1795 439 1881 plus
460 1797 596 1881 prodest
620 1806 653 1861 et
676 1797 774 1862 inane
796 1789 989 1863 abscindere
1009 1795 1126 1862 soldo?

176 1899 268 1962 Num
291 1899 354 1964 tibi
377 1920 452 1965 curn
475 1900 585 1968 fauces
607 1901 673 1966 urit
694 1901 766 1967 sitis
788 1922 887 1967 aurea
909 1899 1039 1986 quaeris

177 2001 324 2068 Pocula?
346 2024 426 2069 num
450 2005 595 2071 esuriens
617 2005 744 2070 fastidis
766 2005 877 2070 omnia
899 2014 1031 2090 praeter
1277 2029 1324 2079 ¹15

178 2106 344 2171 Pavonem
368 2106 633 2192 rhombumque?
673 2108 821 2174 Tument
842 2109 904 2176 tibi
927 2129 1002 2174 cum
1026 2109 1168 2193 inguina,
1194 2127 1274 2171 num
1298 2108 1325 2171 si
1348 2101 1350 2106 ’

176 2211 310 2276 Ancilla
331 2222 389 2277 aut
411 2234 512 2277 verna
534 2222 584 2279 est
606 2223 737 2297 praesto
759 2233 841 2298 puer
864 2214 1008 2301 impetus
1031 2214 1064 2279 in
1086 2233 1186 2297 quem

181 2314 349 2380 Continuo
372 2315 431 2380 fiat
454 2316 550 2382 malis
572 2317 733 2401 tentigine
755 2316 885 2402 rumpi?

177 2420 256 2484 Non
279 2441 362 2503 ego:
384 2440 529 2503 namque
550 2420 732 2505 parabilem
755 2441 832 2486 amo
854 2441 1009 2486 venerem
1031 2420 1239 2505 facilemque.

179 2522 284 2601 Illam,
309 2523 407 2587 ‘Post
430 2521 549 2606 pau10‚'
573 2523 662 2590 ‘Sed
685 2522 807 2608 pluris,'
831 2523 888 2589 ‘Si
911 2525 1030 2592 exierit
1051 2523 1119 2602 vir‚'
1278 2550 1325 2584 120

178 2628 291 2708 Gallis,
313 2629 398 2695 hanc
421 2629 635 2695 Philodemus
657 2631 705 2695 ait
728 2631 790 2694 sibi
813 2651 900 2714 quae
921 2652 1030 2714 neque
1053 2650 1175 2716 magno

179 2732 256 2798 Stet
279 2735 386 2817 pretio
409 2755 516 2816 neque
539 2745 711 2799 cunctetur
733 2755 809 2799 cum
833 2745 884 2799 est
908 2735 996 2799 iussa
1016 2735 1136 2799 venire.

180 2837 330 2901 Candida
353 2846 508 2920 rectaque
530 2837 592 2913 sit;
616 2839 739 2902 munda
762 2837 920 2903 hactenus
944 2847 980 2904 ut
1003 2858 1110 2925 neque
1132 2837 1233 2921 longa

180 2941 253 3006 Nec
275 2942 382 3024 magis
404 2940 481 3005 alba
503 2941 583 3005 velit
606 2961 707 3023 quam
730 2943 790 3007 dat
812 2952 929 3007 natura
946 2941 1060 3006 videri.

180 3045 276 3110 Haec
297 3045 354 3109 ubi
377 3045 551 3129 supposuit
574 3046 696 3110 dextro
719 3065 837 3128 corpus
861 3045 941 3109 mihi
963 3045 1095 3110 laevum
1280 3065 1326 3117 125

179 3149 242 3213 Ilia
264 3158 299 3215 et
321 3149 445 3233 Egeria
467 3159 535 3213 est:
559 3150 605 3213 do
628 3169 748 3214 nomen
770 3148 1019 3232 quodlibet‘illi,

179 3253 251 3319 Nec
273 3273 388 3321 vereor
410 3273 452 3321 ue
474 3254 555 3318 dum
577 3251 673 3318 lutuo
695 3254 745 3319 vir
767 3274 841 3317 rure
863 3248 1015 3330 recurrat,

179 3356 284 3424 Ianua
305 3355 482 3440 frangatur,
505 3355 604 3421 latret
626 3356 724 3434 canis,
746 3356 891 3439 undique
914 3376 1036 3438 magno

181 3459 278 3525 Pulsa
300 3461 419 3525 domus
441 3461 582 3544 strepitu
604 3469 746 3538 resonet,
766 3459 931 3547 vepallida
954 3459 1042 3525 lecto

180 3563 322 3629 Desiliat
346 3564 469 3642 mulier,
493 3564 645 3628 miseram
669 3585 705 3629 se
726 3563 857 3631 conscia
879 3562 1009 3645 clamet,
1282 3586 1329 3634 130

182 3667 341 3732 Cruribus
363 3669 446 3734 haec
470 3677 605 3747 metuat,
628 3668 699 3732 doti
722 3669 892 3750 deprensa,
915 3677 1050 3750 egomet
1073 3667 1132 3731 mi.

181 3770 353 3843 Discincta
374 3773 486 3838 tunica
508 3772 703 3858 fugiendum
727 3782 776 3836 est
795 3791 834 3837 ac
857 3772 942 3855 pede
964 3770 1063 3848 nud0,

182 3875 236 3939 Ne
258 3877 385 3940 nummi
407 3886 542 3960 pereant
565 3885 625 3942 aut
647 3897 735 3960 puga
758 3885 816 3941 aut
839 3876 980 3958 denique
1002 3875 1101 3938 sama.

182 3978 351 4064 Deprendi
374 3981 529 4045 miserum
552 3991 623 4057 est3
647 3979 753 4045 Fabio
774 3979 827 4046 vel
850 3980 956 4044 iudice
978 3979 1119 4044 vincam.

558 4299 960 4313 m
