3008 5010
526 383 616 448 Lm.
642 382 687 447 11.
733 381 836 448 sar.
859 401 889 467 3.

133 553 265 618 Dicitur
288 575 332 619 ex
355 553 446 620 collo
467 553 579 618 furtim
603 553 763 637 carpsisse
784 574 932 631 coronas,

132 659 314 741 Postquam
337 669 388 724 est
410 659 569 741 impransi
593 668 764 740 correptus
785 679 867 722 voce
890 655 1062 742 magistri?

133 762 274 846 Porrigis
297 763 382 827 irato
404 782 506 844 puero
530 782 605 826 cum
627 782 729 846 poma
752 771 902 827 recusat:

132 864 266 943 ‘Sume,
281 864 440 930 catellel’
469 875 590 948 negat:
620 865 648 928 si
671 885 738 928 non
760 865 828 943 des,
851 873 968 948 optet:
999 872 1129 928 amator

132 967 300 1033 Exclusus
322 968 379 1051 qui
401 969 511 1045 distat,
534 968 605 1051 agit
627 968 685 1033 ubi
708 987 829 1046 secum,
853 978 973 1032 eatan
996 988 1072 1046 non,
1230 979 1279 1030 260

133 1071 210 1154 Quo
234 1071 396 1135 rediturus
418 1081 489 1135 erat
511 1092 577 1136 non
599 1072 783 1146 arcessitus,
805 1081 839 1136 et
862 1072 977 1136 haeret

133 1174 251 1238 Invisis
273 1174 420 1240 foribus?
450 1175 543 1238 ‘Nec
566 1194 661 1252 nunc,
684 1195 760 1239 curn
783 1195 837 1238 me
858 1184 955 1239 vocet
978 1173 1074 1253 ultro,

133 1276 329 1342 Accedam?
358 1298 401 1342 an
425 1278 536 1362 potius
560 1278 699 1343 mediter
721 1277 814 1342 finire
835 1277 993 1342 dolores?

134 1379 310 1460 Exclusit;
341 1390 494 1446 revocat:
525 1383 686 1446 redeam?
730 1381 810 1446 Non
832 1382 860 1446 si
883 1379 1055 1446 obsecret!
1100 1381 1190 1446 Ecce

134 1483 255 1548 Servus
278 1504 344 1547 non
367 1484 468 1568 paulo
486 1484 684 1568 sapientior:
713 1485 768 1550 ‘O
791 1484 877 1563 here,
901 1505 1061 1567 quaeres
1231 1497 1279 1563 265

133 1587 206 1651 Nec
229 1589 366 1651 modum
388 1587 490 1652 habet
513 1608 620 1671 neque
642 1587 815 1653 consilium
839 1589 966 1653 ratione
989 1588 1156 1671 modoque

132 1690 283 1754 Tractari
307 1710 372 1754 non
394 1689 477 1755 volt.
525 1692 564 1755 ln
588 1712 700 1755 amore
722 1692 804 1756 haec
826 1701 903 1756 sunt
926 1692 1023 1768 mala,
1045 1691 1178 1769 bellum,

133 1794 205 1858 Pax
228 1814 380 1859 rursum:
410 1795 493 1859 haec
510 1794 537 1859 si
561 1797 634 1877 quis
657 1797 865 1879 tempestatis
888 1816 991 1879 prope
1013 1796 1076 1861 ritu

133 1897 273 1962 Mobilia
294 1907 328 1962 et
350 1918 447 1964 caeca
469 1898 633 1963 fluitantia
654 1909 742 1964 sorte
763 1897 893 1964 laboret

134 2001 289 2066 Reddere
312 2012 402 2067 certa
423 2003 496 2077 sibi,
519 2002 623 2067 nihilo
646 2003 721 2086 plus
744 2003 889 2087 explicet
911 2002 999 2067 acsi

134 2104 279 2169 insanire
301 2115 396 2188 paret
418 2115 508 2170 certa
529 2106 659 2171 ratione
681 2104 867 2189 modoque’

134 2208 237 2292 Quid,
259 2230 335 2273 cum
359 2210 489 2274 Picenis
512 2231 694 2295 excerpens
716 2213 844 2276 semina
865 2209 974 2295 pomis

133 2411 158 2454 et
170 2404 261 2455 focalia
274 2441 280 2453 .
293 2440 299 2452 .
312 2440 318 2453 .
331 2404 385 2454 sola
401 2419 517 2455 excusare
528 2412 610 2471 potest
621 2405 687 2456 rale-
793 2405 958 2470 Suspiciones,
969 2404 1120 2464 inimicitiae,
1133 2404 1256 2466 induciae,

131 2468 210 2519 tudo!
794 2471 900 2531 Bellum,
917 2488 967 2535 pax
983 2487 1094 2521 rursum:
1112 2471 1204 2521 incerta
1220 2471 1282 2520 haec

167 2533 221 2596 256.
238 2550 364 2586 coronas.
397 2537 448 2585 For
458 2536 489 2585 he
501 2552 552 2586 was
563 2537 688 2602 returning
841 2536 899 2586 situ
912 2537 1022 2601 postules

133 2599 196 2650 from
207 2617 222 2649 a
233 2601 298 2650 revel
307 2601 378 2650 when
389 2603 430 2651 the
442 2601 550 2651 incident
562 2604 686 2654 occurred.
792 2601 900 2657 Ratione
911 2610 979 2651 certo
986 2601 1075 2662 facere,
1083 2601 1136 2650 nilo
1145 2600 1201 2665 plus
1210 2616 1279 2664 agas,

133 2732 141 2758 ί
160 2677 224 2780 {1517s
243 2669 397 2780 impransi:
430 2681 470 2731 cp.
498 2666 550 2717 Sat.
573 2683 594 2716 a.
617 2682 639 2717 a.
659 2680 688 2732 7:
793 2667 1172 2753 Quamsides'operamutcum
1184 2667 1280 2716 ratione

148 2746 160 2780 s
221 2747 284 2780 asra
305 2768 311 2780 .
840 2747 956 2781 insanras.

168 2799 214 2859 258
229 2747 303 2845 foll.g
316 2796 371 2845 The
382 2796 452 2846 lover
463 2797 483 2846 is
494 2797 689 2848 lilreachildin
728 2797 775 2862 Cp.
793 2795 835 2846 the
869 2798 946 2847 lature
964 2797 989 2846 in
1004 2796 1085 2861 Epod.
1106 2809 1143 2844 11.
1183 2797 1281 2847 Persius

133 2861 172 2910 hir
207 2863 408 2926 capriciousness,
435 2864 546 2928 wanting
572 2864 640 2913 what
667 2864 689 2913 is
727 2863 835 2912 imitates
876 2861 1149 2926 oracein5.161foll.

133 2927 236 2977 refused.
763 2927 816 2977 260.
835 2932 901 2986 salt.
937 2928 987 2976 For
1007 2926 1050 2977 the
1073 2926 1235 2991 lengthening
1254 2927 1284 2977 of

168 3006 222 3057 ²59·
236 2995 353 3043 astella:
371 3008 387 3041 a
402 2999 465 3042 term
481 2994 510 3042 of
522 2993 688 3043 endearment.
727 2992 783 3057 syll.
795 3008 835 3044 see
846 3009 879 3042 on
890 2993 942 3044 Sat.
959 3007 980 3043 r.
992 3008 1015 3055 4.
1029 2995 1068 3041 82.

134 3057 215 3106 Plaut.
229 3059 297 3107 Asin.
312 3073 334 3120 3.
352 3071 375 3119 3.
395 3072 441 3120 103
463 3059 553 3122 ‘igitur
570 3075 611 3109 me
629 3075 689 3109 ana·
761 3057 816 3108 261.
833 3059 874 3107 To
889 3059 932 3108 the
968 3058 1021 3108 lace
1037 3055 1151 3118 whither,
1163 3055 1234 3106 when
1249 3056 1281 3108 he

135 3124 249 3182 ticulam,
262 3123 465 3180 columbamvel
478 3123 611 3173 catellam!
726 3139 778 3173 was
799 3131 844 3174 not
866 3125 927 3173 invit
960 3161 967 3185 ,
990 3123 1022 3173 he
1043 3138 1094 3172 was
1115 3123 1231 3188 meaning
1253 3128 1281 3174 to

168 3188 289 3251 ado-271.
308 3189 409 3238 Horace
426 3189 446 3238 is
457 3189 585 3254 recalling‚
597 3190 689 3240 almost
726 3197 814 3240 return.

134 3254 252 3318 verbally,
265 3254 307 3303 the
327 3269 398 3304 scene
415 3262 441 3304 at
458 3254 500 3304 the
518 3256 652 3368 beginning
663 3256 692 3305 of
761 3254 816 3303 262.
833 3257 935 3304 Invisis
944 3257 1064 3304 foribus:
1078 3253 1122 3303 ‘ad
1129 3269 1178 3303 uon
1187 3254 1282 3304 amicos

133 3319 175 3368 the
183 3319 316 3368 Eunuchus
323 3319 351 3368 of
357 3319 473 3381 Terence,
481 3320 633 3371 wherePhae
651 3321 688 3370 ria
726 3319 789 3370 heu!
813 3321 874 3369 mibi
886 3327 969 3384 postes
980 3329 1005 3370 et
1016 3320 1078 3371 heul
1096 3319 1195 3368 Limina
1203 3317 1281 3369 dura'

134 3385 292 3449 lsdebating
306 3383 367 3434 with
383 3385 505 3436 Parmeno
527 3386 637 3436 whether
656 3387 688 3435 he
727 3385 807 3449 Epod
822 3399 859 3434 11.
873 3397 911 3446 3¹·

135 3450 199 3499 shall
233 3467 249 3499 o
265 3449 329 3500 baclr
346 3457 373 3499 to
384 3451 468 3505 Thais,
484 3452 542 3500 who
558 3452 603 3501 has
622 3467 688 3500 sam·
758 3465 810 3500 neo
828 3465 913 3501 nuno.
946 3450 1001 3500 The
1019 3449 1159 3515 equivalent
1178 3449 1208 3498 of
1221 3449 1281 3499 Ter·

133 3531 192 3565 mon
235 3515 288 3564 him
297 3515 358 3564 after
368 3515 500 3581 excluding
511 3517 563 3566 him
574 3517 637 3566 from
645 3517 690 3565 her
727 3513 806 3565 erice’s
834 3523 881 3565 ‘ne
911 3531 983 3591 nunc¹
1004 3512 1121 3580 quidem)
1165 3515 1190 3591 lt
1215 3522 1281 3592 must

133 3581 643 3710 lffdiralihlilrilr¹'nlliami
657 3663 690 3697 a
726 3580 848 3695 iridi:
858 3579 1282 3705 htssttltldttltlfilz

249 3727 314 3760 nunc
325 3712 425 3777 quidem
727 3713 787 3760 ‘ne-
805 3711 905 3772 uidem‚'
923 3711 1004 3760 which
1021 3712 1121 3760 besam
1140 3710 1282 3760 afterwards

200 3776 284 3841 Quom
296 3792 405 3826 arcessor
415 3777 500 3826 ultro?
516 3777 643 3842 anpotins
654 3777 690 3827 ita
726 3727 885 3826 established.
919 3775 1063 3825 SeeMadr.
1075 3791 1107 3825 on
1119 3776 1173 3826 Cic.
1184 3775 1216 3824 de
1225 3776 1280 3825 Pin.

248 3858 288 3892 me
300 3857 450 3907 comparem,
730 3854 800 3890 1.11.
814 3841 1063 3905 39‚andexcurs.iii.
1088 3841 1167 3889 Bentl.
1179 3840 1281 3889 defends

200 3907 259 3958 Non
277 3910 374 3973 perpeti
390 3908 545 3958 meretricum
562 3914 689 3959 coutume-
727 3905 864 3956 ‘ne-nunc'
877 3906 913 3971 (in
923 3906 965 3956 the
973 3921 1041 3955 same
1048 3905 1228 3969 sense),which
1235 3905 1281 3954 has

249 3973 314 4022 liasl
727 3972 776 4023 less
798 3980 900 4036 support
922 3972 947 4020 in
970 3971 1013 4022 the
1030 3970 1113 4032 MSS,
1131 3970 1180 4020 aad
1198 3969 1281 4021 which

200 4039 326 4088 Exclusit:
339 4045 451 4089 revocat:
468 4038 566 4089 redeam
576 4040 585 4088 l
596 4055 653 4098 non,
667 4040 689 4089 si
726 4038 813 4087 Madv.
824 4039 905 4088 shows
916 4045 943 4086 to
954 4037 985 4085 be
996 4052 1089 4099 wrong.

250 4119 290 4152 me
301 4105 418 4155 obsecret.
761 4102 815 4166 265.
833 4117 946 4153 servus:
963 4103 1092 4151 Parmeno.

136 4170 199 4218 Par.
218 4169 294 4227 Here,
318 4185 382 4233 quae
398 4185 436 4219 res
452 4169 477 4218 in
495 4184 521 4218 se
537 4184 617 4234 neque
630 4184 689 4219 con·
761 4168 815 4218 268.
833 4172 1011 4226 tempestatis
1028 4172 1096 4218 ritu.
1130 4164 1179 4216 Od
1198 4177 1221 4227 3.
1241 4179 1280 4231 ²9·

249 4235 332 4283 silium
344 4250 423 4300 neque
433 4235 537 4283 modum
726 4238 771 4296 33⁸
781 4235 869 4284 Cetera
876 4234 983 4283 fluminis
995 4234 1055 4282 Ritu
1062 4229 1170 4282 feruntur
1177 4229 1199 4292 ’3
1210 4233 1254 4282 ‘aa
1264 4246 1281 4281 s

202 4299 285 4350 Habet
308 4299 396 4361 ullum,
415 4316 471 4350 eam
489 4300 594 4350 consilio
605 4315 689 4366 regere
726 4307 802 4349 storm
813 4301 873 4349 riser
883 4301 932 4348 aad
941 4299 998 4349 falls
1009 4296 1101 4364 again!

248 4372 389 4430 conpotes.
761 4375 816 4428 270.
833 4368 972 4422 explicet:
1008 4367 1015 4392 ⁸
1027 4363 1198 4428 disentangle,'
1226 4363 1280 4413 ‘re-

200 4429 229 4478 In
241 4445 323 4479 amore
339 4431 401 4481 haec
417 4430 502 4481 omnia
517 4431 600 4483 insunt
611 4431 688 4485 vitia:
726 4429 826 4481 doceto
837 4427 925 4479 order!

248 4495 360 4559 iniamus,
761 4506 817 4563 syr.
835 4498 905 4555 quid
925 4510 1004 4548 oum:
1030 4493 1083 4547 Sat.
1100 4508 1121 4545 2.
1135 4492 1211 4558 ads,
1228 4492 1281 4544 like
